<record><leader>00000cas a22000007a 4500</leader><controlfield tag="001">16727510</controlfield><controlfield tag="008">870922d18791914ohucr ne      0    0eng d</controlfield><datafield ind1=" " ind2=" " tag="010"><subfield code="a">sn 87075091 </subfield></datafield><datafield ind1=" " ind2=" " tag="040"><subfield code="a">ONP</subfield><subfield code="b">eng</subfield><subfield code="c">ONP</subfield><subfield code="d">OCLCQ</subfield></datafield><datafield ind1=" " ind2=" " tag="042"><subfield code="a">msc</subfield></datafield><datafield ind1="0" ind2="4" tag="245"><subfield code="a">The Portsmouth blade.</subfield></datafield><datafield ind1="1" ind2="3" tag="246"><subfield code="a">New Portsmouth blade</subfield></datafield><datafield ind1="1" ind2="7" tag="246"><subfield code="a">Portsmouth semi-weekly blade</subfield></datafield><datafield ind1="1" ind2="3" tag="246"><subfield code="a">Blade</subfield></datafield><datafield ind1=" " ind2=" " tag="260"><subfield code="a">Portsmouth, Ohio :</subfield><subfield code="b">[J.E. Valjean]</subfield></datafield><datafield ind1=" " ind2=" " tag="300"><subfield code="a">v.</subfield></datafield><datafield ind1=" " ind2=" " tag="310"><subfield code="a">Semiweekly,</subfield><subfield code="b">Sept. 21, 1892-Mar. 31, 1914</subfield></datafield><datafield ind1=" " ind2=" " tag="321"><subfield code="a">Weekly,</subfield><subfield code="b">1879-Sept. 17, 1892</subfield></datafield><datafield ind1="1" ind2=" " tag="362"><subfield code="a">Began in 1879; ceased with Mar. 31, 1914 issue.</subfield></datafield><datafield ind1=" " ind2=" " tag="500"><subfield code="a">Title on Wed. editions (Jan. 13-Mar. 10, 1897): Blade.</subfield></datafield><datafield ind1=" " ind2=" " tag="500"><subfield code="a">Other title (May 3-Oct. 7, 1911): New Portsmouth blade.</subfield></datafield><datafield ind1=" " ind2=" " tag="588"><subfield code="a">Description based on: Vol. 1, no. 24 (July 1, 1879).</subfield></datafield><datafield ind1=" " ind2=" " tag="752"><subfield code="a">United States</subfield><subfield code="b">Ohio</subfield><subfield code="c">Scioto</subfield><subfield code="d">Portsmouth.</subfield></datafield><datafield ind1="0" ind2=" " tag="775"><subfield code="t">Portsmouth daily blade</subfield><subfield code="w">(DLC)sn 85038054</subfield></datafield><datafield ind1="0" ind2="0" tag="780"><subfield code="t">Valley blade (Portsmouth, Ohio)</subfield></datafield></record>